<record xmlns="http://www.loc.gov/MARC21/slim" xmlns:xsi="http://www.w3.org/2001/XMLSchema-instance" xsi:schemaLocation="http://www.loc.gov/MARC21/slim http://www.loc.gov/standards/marcxml/schema/MARC21slim.xsd"><leader>00453cz   2200169n  4500</leader><controlfield tag="001">oca00570687 </controlfield><controlfield tag="005">20000321154433.0</controlfield><controlfield tag="008">810527n| acannaab           |a aaa      </controlfield><datafield ind1=" " ind2=" " tag="010"><subfield code="a">n  81024909 </subfield></datafield><datafield ind1=" " ind2=" " tag="040"><subfield code="a">DLC</subfield><subfield code="c">DLC</subfield><subfield code="d">DLC</subfield></datafield><datafield ind1="0" ind2=" " tag="100"><subfield code="a">Alcaeus</subfield></datafield><datafield ind1="0" ind2=" " tag="400"><subfield code="a">Alkaios</subfield></datafield><datafield ind1="0" ind2=" " tag="400"><subfield code="a">Alcée</subfield></datafield><datafield ind1="0" ind2=" " tag="400"><subfield code="a">Alceo</subfield></datafield><datafield ind1="0" ind2=" " tag="400"><subfield code="a">Alkeosi</subfield></datafield><datafield ind1=" " ind2=" " tag="670"><subfield code="a">Deubner, L. A. Zu den neuen Bruchstücken des Alkaios, 1943.</subfield></datafield><datafield ind1=" " ind2=" " tag="670"><subfield code="a">Sapʻos poeturi samqaro, 1991:</subfield><subfield code="b">p. 235 (Alkeosi)</subfield></datafield></record>